<?xml version="1.0" encoding="UTF-8" ?>
<collection xmlns:xsi="http://www.w3.org/2001/XMLSchema-instance" xsi:schemaLocation="http://www.loc.gov/MARC21/slim http://www.loc.gov/standards/marcxml/schema/MARC21slim.xsd" xmlns="http://www.loc.gov/MARC21/slim">
   <record>
      <leader>     mam a22      a 4500</leader>
      <controlfield tag="001">1679845</controlfield>
      <controlfield tag="003">NIC</controlfield>
      <controlfield tag="005">20141125001911.0</controlfield>
      <controlfield tag="008">810430m19009999le            000 0 arar </controlfield>
      <datafield tag="010" ind1=" " ind2=" ">
         <subfield code="a">   81134318  </subfield>
      </datafield>
      <datafield tag="035" ind1=" " ind2=" ">
         <subfield code="a">(NIC)notisAHW7795</subfield>
      </datafield>
      <datafield tag="035" ind1=" " ind2=" ">
         <subfield code="a">(OCoLC)21376418</subfield>
      </datafield>
      <datafield tag="035" ind1=" " ind2=" ">
         <subfield code="a">1679845</subfield>
      </datafield>
      <datafield tag="040" ind1=" " ind2=" ">
         <subfield code="a">DLC</subfield>
         <subfield code="c">DLC</subfield>
         <subfield code="d">DLC</subfield>
         <subfield code="d">NIC</subfield>
      </datafield>
      <datafield tag="043" ind1=" " ind2=" ">
         <subfield code="a">a-le---</subfield>
      </datafield>
      <datafield tag="050" ind1="0" ind2="0">
         <subfield code="a">LAW</subfield>
      </datafield>
      <datafield tag="100" ind1="1" ind2=" ">
         <subfield code="a">Saʻd, ʻAbd al-Ḥasan.</subfield>
      </datafield>
      <datafield tag="245" ind1="1" ind2="3">
         <subfield code="a">al-Wasīṭ fī al-ḍarāʾib wa-al-rusūm al-Lubnānīyah :</subfield>
         <subfield code="b">silsilat kutub tatanāwalu kāffat al-ḍarāʾib wa-al-rusūm al-Lubnānīyah /</subfield>
         <subfield code="c">taʾlīf ʻAbd al-Ḥasan Saʻd.</subfield>
      </datafield>
      <datafield tag="250" ind1=" " ind2=" ">
         <subfield code="a">al-Ṭabʻah 1.</subfield>
      </datafield>
      <datafield tag="260" ind1=" " ind2=" ">
         <subfield code="a">Bayrūt, Lubnān :</subfield>
         <subfield code="b">Dār al-Kitāb al-Lubnānī ;</subfield>
         <subfield code="a">al-Qāhirah, J.M.ʻA. :</subfield>
         <subfield code="b">Dār al-Kitāb al-Miṣrī,</subfield>
         <subfield code="c">&lt;1978-1980   &gt;</subfield>
      </datafield>
      <datafield tag="300" ind1=" " ind2=" ">
         <subfield code="a">v. &lt;2, 4   &gt; ;</subfield>
         <subfield code="c">24 cm.</subfield>
      </datafield>
      <datafield tag="500" ind1=" " ind2=" ">
         <subfield code="a">Spine title:al-Wasīṭ fī al-ḍarāʾib.</subfield>
      </datafield>
      <datafield tag="504" ind1=" " ind2=" ">
         <subfield code="a">Includes bibliographical references.</subfield>
      </datafield>
      <datafield tag="505" ind1="1" ind2=" ">
         <subfield code="a">    -- 2. Darībat al-amlāk (al-ʻaqārāt) al-mabnīyah     -- 4. al-Ḍarāʾib ghayr al-mubāshirah.</subfield>
      </datafield>
      <datafield tag="650" ind1=" " ind2="0">
         <subfield code="a">Taxation</subfield>
         <subfield code="x">Law and legislation</subfield>
         <subfield code="z">Lebanon.</subfield>
      </datafield>
      <datafield tag="650" ind1=" " ind2="0">
         <subfield code="a">Fees, Administrative</subfield>
         <subfield code="z">Lebanon.</subfield>
      </datafield>
      <datafield tag="650" ind1=" " ind2="7">
         <subfield code="a">Fees, Administrative</subfield>
         <subfield code="2">fast</subfield>
         <subfield code="0">(OCoLC)fst00922527</subfield>
      </datafield>
      <datafield tag="650" ind1=" " ind2="7">
         <subfield code="a">Taxation</subfield>
         <subfield code="x">Law and legislation</subfield>
         <subfield code="2">fast</subfield>
         <subfield code="0">(OCoLC)fst01143921</subfield>
      </datafield>
      <datafield tag="651" ind1=" " ind2="7">
         <subfield code="a">Lebanon</subfield>
         <subfield code="2">fast</subfield>
         <subfield code="0">(OCoLC)fst01206063</subfield>
      </datafield>
      <datafield tag="740" ind1="0" ind2=" ">
         <subfield code="a">Wasīṭ fī al-ḍarāʾib.</subfield>
      </datafield>
      <datafield tag="905" ind1=" " ind2=" ">
         <subfield code="a">19920110120000.0</subfield>
      </datafield>
      <datafield tag="948" ind1="2" ind2=" ">
         <subfield code="a">20141124</subfield>
         <subfield code="b">m</subfield>
         <subfield code="d">batch</subfield>
         <subfield code="e">lts</subfield>
         <subfield code="x">addfast</subfield>
      </datafield>
      <datafield tag="903" ind1=" " ind2=" ">
         <subfield code="a">NYUACO</subfield>
         <subfield code="d">20150421</subfield>
         <subfield code="p">31924059361349</subfield>
      </datafield>
      <datafield tag="950" ind1=" " ind2=" ">
         <subfield code="a">KBL</subfield>
         <subfield code="b">.S12</subfield>
         <subfield code="v"> </subfield>
      </datafield>
   </record>
</collection>
